@book{Einstein_2011,
  doi = {10.1515/9781400835966},
  url = {https://doi.org/10.1515%2F9781400835966},
  year = {2011},
  month = {jan},
  publisher = {Princeton University Press},
  author = {AlbertHG Einstein},
  title = {{The Ultimate Quotable Einstein}},
}


@article{thesmar2017,
  title = {{Can Unemployment Insurance Spur Entrepreneurial Activity? Evidence From France}},
  author = {Johan Hombert, Antoinette Schoar, David Sraer, David Thesmar},
  year = {2017},
}
